@misc{Samsung:smartthings,
  author        = "Samsung",
  title         = "SmartThings",
  howpublished  = {\url{https://www.smartthings.com/}},
  year          = "2017"
}

@misc{Samsung:smartapps,
  author        = "Samsung",
  title         = "Smart apps in SmartThings",
  howpublished  = {\url{http://docs.smartthings.com/en/latest/smartapp-developers-guide/index.html}},
  year          = "2017"
}

@misc{Apple:homekit,
  author        = "Apple",
  title         = "HomeKit",
  howpublished  = {\url{https://www.apple.com/ios/home/}},
  year          = "2017"
}

@misc{Apple:homekitdeveloper,
  author        = "Apple",
  title         = "HomeKit Developer Guide",
  howpublished  = {\url{https://developer.apple.com/library/content/documentation/NetworkingInternet/Conceptual/HomeKitDeveloperGuide/Introduction/Introduction.html#//apple_ref/doc/uid/TP40015050}},
  year          = "2017"
}

@misc{Vera:homecontroller,
  author        = "Vera",
  title         = "Smart Home Controller",
  howpublished  = {\url{http://getvera.com/controllers/vera3/}},
  year          = "2017"
}

@misc{Google:weave,
  author        = "Google",
  title         = "Weave",
  howpublished  = {\url{https://developers.nest.com/weave/}},
  year          = "2017"
}

@misc{AllseenAlliance:alljoynframework,
  author        = "Allseen Alliance",
  title         = "AllJoyn Framework",
  howpublished  = {\url{https://developers.nest.com/weave/}},
  year          = "2017"
}

@misc{Intel:smartbuildings,
  author        = "Intel",
  title         = "Smart Buildings",
  howpublished  = {\url{https://www.intel.com/content/www/us/en/smart-buildings/overview.html}},
  year          = "2017"
}

@misc{Amazon:alexa,
  author        = {Amazon},
  title         = {Alexa},
  howpublished  = {\url{https://developer.amazon.com/alexa}},
  year          = 2017
}

@inproceedings{Earlence:smarthomesecurityanalysis,
  author        = "E. Fernandes and J. Jung and A. Prakash",
  title         = "Security Analysis of Emerging Smart Home Applications",
  booktitle     = "{IEEE} Symposium on Security and Privacy",
  year          = "2016"
}

@inproceedings{Earlence:flowfence,
  author        = "E. Fernandes and J. Paupore and A. Rahmati and D. Simionato and M. Conti and A. Prakash",
  title         = "FlowFence: Practical Data Protection for Emerging IoT Application Frameworks",
  booktitle     = "{USENIX} Security Symposium",
  year          = "2016"
}

@inproceedings{Jia:contexiot,
  author        = "Y. J. Jia and Q. A. Chen and S. Wangy and A. Rahmati and E. Fernandes and Z. M. Mao and A. Prakash",
  title         = "ContexIoT: Towards Providing Contextual Integrity to Appified IoT Platforms",
  booktitle     = "Network and Distributed System Security Symposium ({NDSS})",
  year          = "2017",
}

@article{Lili:staticanalysisreview,
  author        = "Li Li and T. F. Bissyande and M. Papadakisa and S. Rasthoferb and
  				A. Bartela and D. Octeauc and J. Kleina and Y. L. Traon",
  title         = "Static Analysis of Android Apps: A Systematic Literature Review",
  journal       = "{Elsevier} Information and Software Technology",
  volume        = "88",
  year          = "2017",
  pages         = "67-95"
}

@book{Baier:modelchecking,
  author        = "C. Baier and J. P. Katoen",
  title         = "Principles of Model Checking",
  publisher     = "The MIT Press",
  address       = "Cambridge, Massachusetts, London, England",
  year          = "2008"
}

@article{Holzmann:spin,
  author        = "G. J. Holzmann",
  title         = "The Model Checker Spin",
  journal       = "{IEEE} Transaction on Software Engineering",
  volume        = "23",
  number        = "5",
  year          = "1997",
  pages         = "279-295"
}

@misc{Spin:intro,
  author        = "Spin",
  title         = "What is Spin?",
  howpublished  = {\url{http://spinroot.com/spin/whatispin.html}},
  year          = "2017"
}

@book{Clarke2012,
author		=	"Clarke, Edmund M.
			and Klieber, William
			and Nov{\'a}{\v{c}}ek, Milo{\v{s}}
			and Zuliani, Paolo",
title		=	"Tools for Practical Software Verification",
publisher	=	"Springer Berlin Heidelberg",
address		=	"Berlin, Heidelberg",
year		=	"2012",
pages         = "1-30"
}

@article{Holzmann1998,
  author        = "Holzmann, Gerard J.",
  title         = "An Analysis of Bitstate Hashing",
  journal       = "Formal Methods in System Design",
  volume        = "13",
  number        = "3",
  year          = "1998",
  pages         = "289-307"
}

@inproceedings{Cattel94,
  author        = "Cattel, T.",
  title         = "Modeling and verification of a multiprocessor realtime OS kernel",
  booktitle     = "FORTE Conference",
  year          = "1994",
  pages         = "35-51"
}

@inproceedings{Chaves91,
  author        = "Chaves, J.",
  title         = "Formal methods at AT\&T, an industrial usage report",
  booktitle     = "FORTE Conference",
  year          = "1991",
  pages         = "83-90"
}

@inproceedings{Holzmann94:NewCoRe,
  author        = "Holzmann, G. J.",
  title         = "The theory and practice of a formal method: NewCoRe",
  booktitle     = "IFIP World Computer Congress",
  year          = "1994",
}

@inproceedings{Lin94,
  author        = "Lin, F. J.",
  title         = "Specification and validation of communications in client/server models",
  booktitle     = "International Conference on Network Protocols ({ICNP})",
  year          = "1994",
  pages         = "108-116"
}

@inproceedings{Holzmann94:prove,
  author        = "Holzmann, G. J.",
  title         = "Proving the value of formal methods",
  booktitle     = "FORTE Conference",
  year          = "1994",
  pages         = "385-396"
}

@inproceedings{Ronen2016:extended,
  author        = "E. Ronen and A. Shamir",
  title         = "Extended functionality attacks on iot devices: The case of smart lights",
  booktitle     = "{IEEE} European Symposium on Security and Privacy",
  year          = "2016",
  pages         = "3-12"
}

@inproceedings{Ur2013:accesscontrol,
  author        = "B. Ur and J. Jung and S. Schechter",
  title         = "The current state of access control for smart devices in homes",
  booktitle     = "Workshop on Home Usable Privacy and Security ({HUPS})",
  year          = "2013",
}

@misc{Fisher:honeywellbug,
  author        = "Fisher, D.",
  title         = "Pair of Bugs Open Honeywell Home Controllers Up to Easy Hacks",
  howpublished  = {\url{https://threatpost.com/pair-of-bugs-open-honeywell-home-controllers-up-to-easy-hacks/113965/}},
  year          = "2017"
}

@misc{Hesseldahl:hackereye,
  author        = "Hesseldahl, A.",
  title         = "A Hacker's-Eye View of the Internet of Things",
  howpublished  = {\url{https://www.recode.net/2015/4/7/11561182/a-hackers-eye-view-of-the-internet-of-things}},
  year          = "2017"
}

@book{Fouladi2013,
author		=	"B. Fouladi and S. Ghanoun",
title		=	"Honey, I'm home!! - hacking z-wave home automation systems",
publisher	=	"Black Hat",
address		=	"Las Vegas, NV, USA",
year		=	"2013"
}

@inproceedings{Ho2016:smartlock,
  author        = "G. Ho and D. Leung and P. Mishra and A. Hosseini and D. Song and D. Wagner",
  title         = "Smart locks: Lessons for securing commodity internet of things devices",
  booktitle     = "{ACM} on Asia Conference on Computer and Communications Security",
  year          = "2016",
  pages         = "461-472"
}

@misc{Lomas:zigbeeflaw,
  author        = "Lomas, N.",
  title         = "Critical Flaw IDed In ZigBee Smart Home Devices",
  howpublished  = {\url{https://techcrunch.com/2015/08/07/critical-flaw-ided-in-zigbee-smart-home-devices/}},
  year          = "2017"
}

@inproceedings{Christoph2015,
  author        = "Christoph Busold and Stephan Heuser and Jon Rios and Ahmad-Reza Sadeghi2
					and N. Asokan",
  title         = "Smart and secure cross-device apps for the internet of advanced things",
  booktitle     = "Financial Cryptography and Data Security",
  year          = "2015",
}

@inproceedings{Judson2017:rar,
  author        = "Judson Wilson and Dan Boneh and Riad S. Wahby and Philip Levis and Henry Corrigan-Gibbs and Keith Winstein",
  title         = "Trust but Verify: Auditing the Secure Internet of Things",
  booktitle     = "Annual International Conference on Mobile Systems, Applications, and Services ({MobiSys})",
  year          = "2017",
  pages         = "464-474"
}

@inproceedings{Eyal:iotworm,
  author        = "Eyal Ronen and Colin O'Flynny and Adi Shamir and Achi-Or Weingarten",
  title         = "IoT Goes Nuclear: Creating a ZigBee Chain Reaction",
  booktitle     = "{IEEE} Symposium on Security and Privacy",
  year          = "2017",
  pages         = "195-212"
}

@Article{Sha2017,
	author	=	"Sha, Letian
				and Xiao, Fu
				and Chen, Wei
				and Sun, Jing",
	title	=	"IIoT-SIDefender: Detecting and defense against the sensitive information leakage in industry IoT",
	journal	=	"World Wide Web",
	month	=	"Apr",
	year	=	"2017",
	pages	=	"1-30"
}

@article{Seth2016:smartgrid,
  author        = "Seth T. Hamman and Kenneth M. Hopkinson and Jose E. Fadul",
  title         = "A Model Checking Approach to Testing the Reliability of Smart Grid Protection Systems",
  journal       = "{IEEE} Transaction on Power Delivery",
  volume        = "PP",
  year          = "2016",
  pages         = "1-8"
}

@inproceedings{Chen2013:contextual,
  author        = "K. Z. Chen and N. Johnson and V. D'Silva and S. Dai and
  	 				K. MacNamara and T. Magrino and E. Wu and M. Rinard and D. Song",
  title         = "Contextual policy enforcement in android applications with permission event graphs",
  booktitle     = "Network and Distributed System Security Symposium ({NDSS})",
  year          = "2013"
}

@inproceedings{Roya:networkprotocol,
  author        = "Roya Ensafi and Jong Chun Park and Deepak Kapur and Jedidiah R. Crandall",
  title         = "Idle Port Scanning and Non-interference Analysis of Network Protocol Stacks Using Model Checking",
  booktitle     = "{USENIX} Security Symposium",
  year          = "2010",
}

@inproceedings{Costin:analysis,
  author        = "Costin, A. and Zaddach, J. and Francillon, A. and Balzarotti, D.",
  title         = "A large-scale analysis of the security of embedded firmwares",
  booktitle     = "{USENIX} Security Symposium",
  year          = "2014",
  pages         = "95-110"
}

@article{Bertino:2016:ITS:3023158.3013520,
 author = {Bertino, Elisa and Choo, Kim-Kwang Raymond and Georgakopolous, Dimitrios and Nepal, Surya},
 title = {Internet of Things (IoT): Smart and Secure Service Delivery},
 journal = {{ACM} Transaction on Internet Technology},
 volume = {16},
 number = {4},
 month = dec,
 year = {2016},
 pages = {22:1--22:7}
}

@article{Yuchen2017,
 author = {Yuchen Yang and Longfei Wu and Guisheng Yin and Lijie Li and Hongbin Zhao},
 title = {A Survey on Security and Privacy Issues in Internet-of-Things},
 journal = {IEEE Internet of Things Journal},
 volume = {PP},
 month = apr,
 year = {2017},
 pages = {1--10}
}


@article{Mohsin2017:IoTRiskAnalyzer,
 author = {M Mohsin and MU Sardar and O. Hasan and Z. Anwar},
 title = {IoTRiskAnalyzer: A Probabilistic Model Checking Based Framework for Formal Risk Analytics of the Internet of Things},
 journal = {IEEE Acess},
 volume = {5},
 month = apr,
 year = {2017},
 pages = {5494--5505}
}

@article{Mohsin2017:IoTChecker,
 author = {M Mohsin and Z. Anwar and Farhat Zaman and Ehab Al-Shaer},
 title = {IoTChecker: A data-driven framework for security analytics of Internet of Things configurations},
 journal = {Elsevier Computer \& Security},
 volume = {70},
 month = Sep,
 year = {2017},
 pages = {199--223}
}

@inproceedings{Mohsin2016:IoTSAT,
  author        = "M. Mohsin and Z. Anwar and G. Husari and E. Al-Shaer and M. A. Rahman",
  title         = "IoTSAT: A formal framework for security analysis of the Internet of Things (IoT)",
  booktitle     = "{IEEE} Conference on Communications and Network Security (CNS)",
  year          = "2016",
  pages         = "180-188"
}

@article{deMoura:SMT,
 author = {L. deMoura and N. Bjørner},
 title = {Satisfiability modulo theories: Introduction and applications},
 journal = {Communications of the ACM},
 volume = {54},
 month = Sep,
 year = {2011},
 pages = {69--77}
}

@Inbook{Sardar2016,
author="Sardar, Muhammad Usama
and Afaq, Nida
and Hoque, Khaza Anuarul
and Johnson, Taylor T.
and Hasan, Osman",
editor="Rayadurgam, Sanjai
and Tkachuk, Oksana",
title="Probabilistic Formal Verification of the SATS Concept of Operation",
bookTitle="NASA Formal Methods: 8th International Symposium, NFM 2016, Minneapolis, MN, USA, June 7-9, 2016, Proceedings",
year="2016",
publisher="Springer International Publishing",
pages="191--205"
}

@inproceedings{Ali2013:ami,
  author        = "M. Q. Ali and E. Al-Shaer",
  title         = "Probabilistic model checking for AMI intrusion detection",
  booktitle     = "{IEEE} Conference on Smart Grid Communications (SmartGridComm)",
  year          = "2013",
  pages         = "468-473"
}

@inproceedings{Ouchani2013:securityrisk,
  author        = "S. Ouchani and O. A. Mohamed and M. Debbabi",
  title         = "A security risk assessment framework for SysML activity diagrams",
  booktitle     = "{IEEE} Conference on Software Security and Reliability (SERE)",
  year          = "2013",
  pages         = "227-236"
}

@Inbook{Hatcliff2001,
author		=	"Hatcliff, John and Dwyer, Matthew",
editor		=	"Larsen, Kim G. and Nielsen, Mogens",
title		=	"Using the Bandera Tool Set to Model-Check Properties of Concurrent Java Software",
bookTitle	=	"CONCUR 2001 --- Concurrency Theory: 12th International Conference Aalborg, Denmark, August 20--25, 2001 Proceedings",
year		=	"2001",
publisher	=	"Springer Berlin Heidelberg",
address		=	"Berlin, Heidelberg",
pages		=	"39--58"
}

@misc{Bandera:intro,
  author        = "Hatcliff, John and Dwyer, Matthew",
  title         = "About Bandera",
  howpublished  = {\url{http://bandera.projects.cs.ksu.edu/}},
  year          = "2017"
}

@inproceedings{Armin2001:verifyingsequentialbehavior,
  author        = "Armin Biere",
  title         = "Verifying sequential behavior with model checking",
  booktitle     = "{IEEE} Conference on ASIC",
  year          = "2001",
  pages         = "29-32"
}

@article{Flavio2003:symbolicmodelchecking,
 author = {Flavio Lerda and Nishant Sinha and Michael Theobald},
 title = {Symbolic Model Checking of Software},
 journal = {Elsevier misc Notes in Theoretical Computer Science},
 volume = {89},
 month = Sep,
 year = {2003},
 pages = {480--498}
}

@Article{Choi2007:nusmvtospin,
author="Choi, Yunja",
title="From NuSMV to SPIN: Experiences with model checking flight guidance systems",
journal="Springer Formal Methods in System Design",
year="2007",
month="Jun",
day="01",
volume="30",
number="3",
pages="199--216"
}

@Inbook{Dong1999:fighting,
author="Dong, Yifei
and Du, Xiaoqun
and Ramakrishna, Y. S.
and Ramakrishnan, C. R.
and Ramakrishnan, I. V.
and Smolka, Scott A.
and Sokolsky, Oleg
and Stark, Eugene W.
and Warren, David S.",
editor="Cleaveland, W. Rance",
title="Fighting Livelock in the i-Protocol: A Comparative Study of Verification Tools",
bookTitle="Tools and Algorithms for the Construction and Analysis of Systems: 5th International Conference, TACAS'99 Held as Part of the Joint European Conferences on Theory and Practice of Software, ETAPS'99 Amsterdam, The Netherlands, March 22--28, 1999 Proceedings",
year="1999",
publisher="Springer Berlin Heidelberg",
address="Berlin, Heidelberg",
pages="74--88"
}

@Inbook{Holzmann1999:iprotocol,
author="Holzmann, Gerard J.",
editor="Dams, Dennis
and Gerth, Rob
and Leue, Stefan
and Massink, Mieke",
title="The Engineering of a Model Checker: the Gnu i-Protocol Case Study Revisited.",
bookTitle="Theoretical and Practical Aspects of SPIN Model Checking: 5th and 6th International SPIN Workshops Trento, Italy, July 5, 1999 Toulouse, France, September 21 and 24, 1999 Proceedings",
year="1999",
publisher="Springer Berlin Heidelberg",
address="Berlin, Heidelberg",
pages="232--244"
}

@Inbook{Eisner2002:comparing,
author="Eisner, Cindy
and Peled, Doron",
editor="Bo{\v{s}}na{\v{c}}ki, Dragan
and Leue, Stefan",
title="Comparing Symbolic and Explicit Model Checking of a Software System",
bookTitle="Model Checking Software: 9th International SPIN Workshop Grenoble, France, April 11--13, 2002 Proceedings",
year="2002",
publisher="Springer Berlin Heidelberg",
address="Berlin, Heidelberg",
pages="230--239"
}

@Article{Avrunin2000:benchmarking,
author="Avrunin, George S.
and Corbett, James C.
and Dwyer, Matthew B.",
title="Benchmarking finite-state verifiers",
journal="International Journal on Software Tools for Technology Transfer",
year="2000",
month="Mar",
day="01",
volume="2",
number="4",
pages="317--320"
}

@Inbook{McMillan1993,
author="K. L. McMillan",
title="Symbolic Model Checking: An Approach to the State Explosion Problem",
publisher="Kluwer Academic Publishers",
year="1993"
}

@Inbook{Clarke1982,
author="Clarke, Edmund M.
and Emerson, E. Allen",
editor="Kozen, Dexter",
title="Design and synthesis of synchronization skeletons using branching time temporal logic",
bookTitle="Logics of Programs: Workshop, Yorktown Heights, New York, May 1981",
year="1982",
publisher="Springer Berlin Heidelberg",
address="Berlin, Heidelberg",
pages="52--71"
}

@Inbook{Peled1996,
author="Peled, Doron",
editor="Penczek, Wojciech
and Sza{\l}as, Andrzej",
title="Partial order reduction: Model-checking using representatives",
bookTitle="Mathematical Foundations of Computer Science 1996: 21st International Symposium, MFCS'96 Cracow, Poland, September 2--6, 1996 Proceedings",
year="1996",
publisher="Springer Berlin Heidelberg",
address="Berlin, Heidelberg",
pages="93--112"
}
@Inbook{Lluch-Lafuente2002,
author="Lluch-Lafuente, Alberto
and Edelkamp, Stefan
and Leue, Stefan",
editor="Bo{\v{s}}na{\v{c}}ki, Dragan
and Leue, Stefan",
title="Partial Order Reduction in Directed Model Checking",
bookTitle="Model Checking Software: 9th International SPIN Workshop Grenoble, France, April 11--13, 2002 Proceedings",
year="2002",
publisher="Springer Berlin Heidelberg",
address="Berlin, Heidelberg",
pages="112--127"
}

@article{Satoshi2013,
  author        = "Satoshi Ikeda and Masahiro Jibiki and Yasushi Kuno",
  title         = "Coverage Estimation in Model Checking with Bitstate Hashing",
  journal       = "{IEEE} Transaction on Software Engineering",
  volume        = "39",
  year          = "2013",
  pages         = "477-486"
}

@inproceedings{Holzmann1987:bitstatehashing,
  author        = "Holzmann, G. J.",
  title         = "On limits and possibilities of automated protocol analysis",
  booktitle     = "{IFIP} Workshop on Protocol Specification, Testing, and Verification",
  year          = "1987",
  pages         = "137-161"
}

@article{Bryant1986,
  author        = "R. E. Bryant",
  title         = "Graph-based algorithms for boolean function manipulation",
  journal       = "{IEEE} Transaction on Computers",
  volume        = "35",
  year          = "1986",
  pages         = "667-691"
}

@Inbook{Beer1997,
author="Beer, I.
and Ben-David, S.
and Eisner, C.
and Geist, D.
and Gluhovsky, L.
and Heyman, T.
and Landver, A.
and Paanah, P.
and Rodeh, Y.
and Ronin, G.
and Wolfsthal, Y.",
editor="Grumberg, Orna",
title="RuleBase: Model checking at IBM",
bookTitle="Computer Aided Verification: 9th International Conference, CAV'97 Haifa, Israel, June 22--25, 1997 Proceedings",
year="1997",
publisher="Springer Berlin Heidelberg",
address="Berlin, Heidelberg",
pages="480--483"
}

@INPROCEEDINGS{Beer1996,
author={I. Beer and S. Ben-David and C. Eisner and A. Landver},
booktitle={Design Automation Conference},
title={RuleBase: an industry-oriented formal verification tool},
year={1996},
pages={655-660}
}

@Inbook{Biere1999:BMC,
author="Biere, Armin
and Cimatti, Alessandro
and Clarke, Edmund
and Zhu, Yunshan",
editor="Cleaveland, W. Rance",
title="Symbolic Model Checking without BDDs",
bookTitle="Tools and Algorithms for the Construction and Analysis of Systems: 5th International Conference, TACAS'99 Held as Part of the Joint European Conferences on Theory and Practice of Software, ETAPS'99 Amsterdam, The Netherlands, March 22--28, 1999 Proceedings",
year="1999",
publisher="Springer Berlin Heidelberg",
address="Berlin, Heidelberg",
pages="193--207"
}

@Inbook{Kroening2014:CBMC,
author="Kroening, Daniel
and Tautschnig, Michael",
editor="{\'A}brah{\'a}m, Erika
and Havelund, Klaus",
title="CBMC -- C Bounded Model Checker",
bookTitle="Tools and Algorithms for the Construction and Analysis of Systems: 20th International Conference, TACAS 2014, Held as Part of the European Joint Conferences on Theory and Practice of Software, ETAPS 2014, Grenoble, France, April 5-13, 2014. Proceedings",
year="2014",
publisher="Springer Berlin Heidelberg",
address="Berlin, Heidelberg",
pages="389--391"
}

@Inbook{Merz2012:LLBMC,
author="Merz, Florian
and Falke, Stephan
and Sinz, Carsten",
editor="Joshi, Rajeev
and M{\"u}ller, Peter
and Podelski, Andreas",
title="LLBMC: Bounded Model Checking of C and C++ Programs Using a Compiler IR",
bookTitle="Verified Software: Theories, Tools, Experiments: 4th International Conference, VSTTE 2012, Philadelphia, PA, USA, January 28-29, 2012. Proceedings",
year="2012",
publisher="Springer Berlin Heidelberg",
address="Berlin, Heidelberg",
pages="146--161"
}

@Inbook{Cordeiro2012:ESBMC,
author="Cordeiro, Lucas
and Morse, Jeremy
and Nicole, Denis
and Fischer, Bernd",
editor="Flanagan, Cormac
and K{\"o}nig, Barbara",
title="Context-Bounded Model Checking with ESBMC 1.17",
bookTitle="Tools and Algorithms for the Construction and Analysis of Systems: 18th International Conference, TACAS 2012, Held as Part of the European Joint Conferences on Theory and Practice of Software, ETAPS 2012, Tallinn, Estonia, March 24 -- April 1, 2012. Proceedings",
year="2012",
publisher="Springer Berlin Heidelberg",
address="Berlin, Heidelberg",
pages="534--537"
}

@inproceedings{Cimatti1999:NuSMV,
  author        = "A. Cimatti and E. Clarke and F. Giunchiglia and M. Roveri",
  title         = "NUSMV: A New Symbolic Model Verifier",
  booktitle     = "International Conference on Computer Aided Verification (CAV)",
  year          = "1999",
  pages         = "495-499"
}

@misc{NuSMV:intro,
  author        = "Hatcliff, John and Dwyer, Matthew",
  title         = "About NuSMV",
  howpublished  = {\url{http://nusmv.fbk.eu/}},
  year          = "2017"
}

@Inbook{Rudell2003,
author="Rudell, R.",
editor="Kuehlmann, Andreas",
title="Dynamic Variable Ordering for Ordered Binary Decision Diagrams",
bookTitle="The Best of ICCAD: 20 Years of Excellence in Computer-Aided Design",
year="2003",
publisher="Springer US",
address="Boston, MA",
pages="51--63"
}

@INPROCEEDINGS{410627,
author={E. Felt and G. York and R. Brayton and A. Sangiovanni-Vincentelli},
booktitle={Design Automation Conference},
title={Dynamic variable reordering for BDD minimization},
year={1993},
pages={130-135}
}

@inproceedings{Aloul:2003:FFE:764808.764839,
 author = {Aloul, Fadi A. and Markov, Igor L. and Sakallah, Karem A.},
 title = {FORCE: A Fast and Easy-to-implement Variable-ordering Heuristic},
 booktitle = {ACM Great Lakes Symposium on VLSI},
 year = {2003},
 pages = {116--119}
}

@Inbook{Gosain2015,
author="Gosain, Anjana
and Sharma, Ganga",
editor="Satapathy, Suresh Chandra
and Biswal, Bhabendra Narayan
and Udgata, Siba K.
and Mandal, J.K.",
title="A Survey of Dynamic Program Analysis Techniques and Tools",
bookTitle="Proceedings of the 3rd International Conference on Frontiers of Intelligent Computing: Theory and Applications (FICTA) 2014: Volume 1",
year="2015",
publisher="Springer International Publishing",
address="Cham",
pages="113--122"
}

@book{John2014,
  author        = "John Pescatore and Gal Shpantzer",
  title         = "Securing the Internet of Things Survey",
  publisher     = "SANS Institute InfoSec Reading Room",
  year          = "2014"
}

@INPROCEEDINGS{7815045,
author={A. Tekeoglu and A. Ş. Tosun},
booktitle={IEEE International Conference on Mobile Ad Hoc and Sensor Systems (MASS)},
title={A Testbed for Security and Privacy Analysis of IoT Devices},
year={2016},
pages={343-348}
}

@INPROCEEDINGS{6983801,
author={M. Ahmad},
booktitle={IEEE International Symposium on Software Reliability Engineering Workshops},
title={Reliability Models for the Internet of Things: A Paradigm Shift},
year={2014},
pages={52-59}
}

@INPROCEEDINGS{6296948,
author={M. Kovatsch and S. Mayer and B. Ostermaier},
booktitle={International Conference on Innovative Mobile and Internet Services in Ubiquitous Computing},
title={Moving Application Logic from the Firmware to the Cloud: Towards the Thin Server Architecture for the Internet of Things},
year={2012},
pages={751-756}
}

@ARTICLE{8047972,
author={F. Xiao and L. T. Sha and Z. P. Yuan and R. C. Wang},
journal={IEEE Transactions on Emerging Topics in Computing},
title={VulHunter: A Discovery for unknown Bugs based on Analysis for known patches in Industry Internet of Things},
year={2017},
volume={PP},
number={99},
pages={1-1}
}

@INPROCEEDINGS{7934571,
author={M. Schwarz and C. Villarraga and D. Stoffel and W. Kunz},
booktitle={International Symposium on Design and Diagnostics of misc Circuits Systems (DDECS)},
title={Cycle-accurate software modeling for RTL verification of embedded systems},
year={2017},
pages={103-108}
}

@ARTICLE{7483485,
author={J. E. Giral Sala and R. Morales Caporal and E. Bonilla Huerta and J. J. Rodriguez Rivas and J. d. J. Rangel Magdaleno},
journal={IEEE Latin America Transactions},
title={A Smart Switch to Connect and Disconnect Electrical Devices at Home by Using Internet},
month={April},
year={2016},
volume={14},
number={4},
pages={1575-1581}
}

@INPROCEEDINGS{7581459,
author={H. Chandra and E. Anggadjaja and P. S. Wijaya and E. Gunawan},
booktitle={Asia-Pacific Conference on Communications (APCC)},
title={Internet of Things: Over-the-Air (OTA) firmware update in Lightweight mesh network protocol for smart urban development},
year={2016},
pages={115-118}
}

@INPROCEEDINGS{8031622,
author={H. C. Pöhls and B. Petschkuhn},
booktitle={IEEE International Workshop on Computer Aided Modeling and Design of Communication Links and Networks (CAMAD)},
title={Towards compactly encoded signed IoT messages},
year={2017},
pages={1-6}
}

@ARTICLE{Dolly2016,
author={Dolly Das and Bobby Sharma},
journal={International Journal of Computer Applications},
title={General Survey on Security Issues on Internet of Things},
year={2016},
volume={139},
number={2}
}

@article{elnozahy2002survey,
  title={A survey of rollback-recovery protocols in message-passing systems},
  author={Elnozahy, Elmootazbellah Nabil and Alvisi, Lorenzo and Wang, Yi-Min and Johnson, David B},
  journal={ACM Computing Surveys (CSUR)},
  volume={34},
  number={3},
  pages={375--408},
  year={2002},
  publisher={ACM},
}

@misc{iotify,
  title         = "iotify",
  howpublished  = {\url{https://iotify.io/}},
}

@misc{simpleiotsimulator,
  title         = "SimpleIoTSimulator - The InternetOfThings Simulator",
  howpublished  = {\url{http://www.smplsft.com/SimpleIoTSimulator.html}},
}

@misc{raspberrypi,
  title         = "Raspberry Pi",
  howpublished  = {\url{https://www.raspberrypi.org/products/raspberry-pi-3-model-b/}},
}

@misc{alpha,
  title         = "How the Internet of Things will Drive Mobile App Development",
  howpublished  = {\url{https://www.alphasoftware.com/blog/internet-of-things-will-drive-mobile-app-development/}},
}

@misc{iotexp,
  title         = "Here's how the Internet of Things will Explode by 2020",
  howpublished  = {\url{http://www.businessinsider.com/iot-ecosystem-internet-of-things-forecasts-and-business-opportunities-2016-2}},
}



@misc{Bevywiseiotsimulator,
  title         = "Bevywise IoT Simulator",
  howpublished  = {\url{https://www.bevywise.com/iot-simulator/}},
}

@inproceedings{dao2014,
 author = {Dao, Tuan and Roy-Chowdhury, Amit K. and Madhyastha, Harsha V. and
                  Krishnamurthy, Srikanth V. and La Porta, Tom},
 title = {Managing Redundant Content in Bandwidth Constrained Wireless
                  Networks},
 booktitle = {ACM International on Conference on Emerging Networking Experiments and Technologies ({CoNEXT})},
 year = {2014},
 pages = {349--362},
}

@article{dao2016,
  title={Managing redundant content in bandwidth constrained wireless networks},
  author={Dao, Tuan and Roy-Chowdhury, Amit K and Madhyastha, Harsha V and
                  Krishnamurthy, Srikanth V and La Porta, Tom},
  journal={IEEE/ACM Transactions on Networking},
  year={2016},
  publisher={IEEE}
}


@inproceedings{offpathsec16,
  author    = {Yue Cao and
               Zhiyun Qian and
               Zhongjie Wang and
               Tuan Dao and
               Srikanth V. Krishnamurthy and
               Lisa M. Marvel},
  title     = {Off-Path {TCP} Exploits: Global Rate Limit Considered Dangerous},
  booktitle = {{USENIX} Security Symposium},
  pages     = {209--225},
  year      = {2016},
}

@inproceedings {packet_injection_side_channel,
author = {Qi Alfred Chen and Zhiyun Qian and Yunhan Jack Jia and Yuru Shao and Z. Morley Mao},
title = {Static Detection of Packet Injection Vulnerabilities: A Case for Identifying Attacker-controlled Implicit Information Leaks},
booktitle = {{ACM} Conference on Computer and Communications Security ({CCS})},
year = {2015},
}

@inproceedings{tcp_vul_measurement,
 author = {Quach, Alan and Wang, Zhongjie and Qian, Zhiyun},
 title = {Investigation of the 2016 Linux TCP Stack Vulnerability at Scale},
 booktitle = {Proceedings of the 2017 ACM SIGMETRICS / International Conference on Measurement and Modeling of Computer Systems},
 series = {SIGMETRICS '17},
 year = {2017},
}

@inproceedings{lu2015checking,
  title={Checking More and Alerting Less: Detecting Privacy Leakages via Enhanced Data-flow Analysis and Peer Voting.},
  author={Lu, Kangjie and Li, Zhichun and Kemerlis, Vasileios P and Wu, Zhenyu and Lu, Long and Zheng, Cong and Qian, Zhiyun and Lee, Wenke and Jiang, Guofei},
  booktitle={Network and Distributed System Security Symposium ({NDSS})},
  year={2015}
}

@article{Manna80,
 author = {Manna, Zohar and Waldinger, Richard},
 title = {A Deductive Approach to Program Synthesis},
 journal = {ACM Transactions on Programming Languages and Systems},
 volume = {2},
 number = {1},
 year = {1980},
 pages = {90--121},
}

@inproceedings{Gulwani11,
 author = {Gulwani, Sumit},
 title = {Automating String Processing in Spreadsheets Using Input-output Examples},
 booktitle = {ACM SIGPLAN-SIGACT Symposium on Principles of Programming Languages ({POPL})},
 year = {2011},
 pages = {317--330},
}

@Article{SolarLezama13,
author="Solar-Lezama, Armando",
title="Program sketching",
journal="International Journal on Software Tools for Technology Transfer",
year="2013",
volume="15",
number="5",
pages="475--495",
}

@incollection{Alur15,
  author    = {Rajeev Alur and
               Rastislav Bod{\'{\i}}k and
               Eric Dallal and
               Dana Fisman and
               Pranav Garg and
               Garvit Juniwal and
               Hadas Kress{-}Gazit and
               P. Madhusudan and
               Milo M. K. Martin and
               Mukund Raghothaman and
               Shambwaditya Saha and
               Sanjit A. Seshia and
               Rishabh Singh and
               Armando Solar{-}Lezama and
               Emina Torlak and
               Abhishek Udupa},
  title     = {Syntax-Guided Synthesis},
  booktitle = {Dependable Software Systems Engineering},
  pages     = {1--25},
  year      = {2015},
}

@inproceedings{Udupa13,
 author = {Udupa, Abhishek and Raghavan, Arun and Deshmukh, Jyotirmoy V. and Mador-Haim, Sela and Martin, Milo M.K. and Alur, Rajeev},
 title = {TRANSIT: Specifying Protocols with Concolic Snippets},
 booktitle = {ACM SIGPLAN Conference on Programming Language Design and Implementation ({PLDI})},
 year = {2013},
 pages = {287--296},
}

@inproceedings{Schkufza13,
 author = {Schkufza, Eric and Sharma, Rahul and Aiken, Alex},
 title = {Stochastic Superoptimization},
 booktitle = {International Conference on Architectural Support for Programming Languages and Operating Systems ({ASPLOS})},
 year = {2013},
 pages = {305--316},
}

@inproceedings{Barowy15,
 author = {Barowy, Daniel W. and Gulwani, Sumit and Hart, Ted and Zorn, Benjamin},
 title = {FlashRelate: Extracting Relational Data from Semi-structured Spreadsheets Using Examples},
 booktitle = {ACM SIGPLAN Conference on Programming Language Design and Implementation ({PLDI})},
 year = {2015},
 pages = {218--228},
}

@article{Beckett17,
 author = {Beckett, Ryan and Mahajan, Ratul and Millstein, Todd and Padhye, Jitendra and Walker, David},
 title = {Network Configuration Synthesis with Abstract Topologies},
 journal = {SIGPLAN Not.},
 volume = {52},
 number = {6},
 year = {2017},
 pages = {437--451},
}

@inproceedings{Jobstmann05,
 author = {Jobstmann, Barbara and Griesmayer, Andreas and Bloem, Roderick},
 title = {Program Repair As a Game},
 booktitle = {International Conference on Computer Aided Verification ({CAV})},
 year = {2005},
 pages = {226--238},
}

@inproceedings{Singh13,
 author = {Singh, Rishabh and Gulwani, Sumit and Solar-Lezama, Armando},
 title = {Automated Feedback Generation for Introductory Programming Assignments},
 booktitle = {ACM SIGPLAN Conference on Programming Language Design and Implementation ({PLDI})},
 year = {2013},
 pages = {15--26},
}

@article{Raychev14,
 author = {Raychev, Veselin and Vechev, Martin and Yahav, Eran},
 title = {Code Completion with Statistical Language Models},
 journal = {SIGPLAN Not.},
 volume = {49},
 number = {6},
 year = {2014},
 pages = {419--428},
}

@article{Chen16,
 author = {D. Chen and J. Cong and S. Gurumani and W-M. Hwu and K. Rupnow and Z. Zhang},
 title = {System Synthesis and Automated Verification: Design Demands for IoT Devices},
 journal = {SCAW},
 year = {2016},
}

@inproceedings{Bak13,
author={B{\k{a}}k, S{\l}awomir and Czarnecki, Rados{\l}aw and Deniziak, Stanis{\l}aw},
title={Synthesis of real-time applications for internet of things},
bookTitle={Joint International Conference on Pervasive Computing and the Networked World},
pages={35--49},
year={2013},
}

@inproceedings{Bloem15,
author="Bloem, Roderick
and K{\"o}nighofer, Bettina
and K{\"o}nighofer, Robert
and Wang, Chao",
title="Shield Synthesis: Runtime Enforcement for Reactive Systems",
bookTitle="Tools and Algorithms for the Construction and Analysis of Systems ({TACAS})",
year="2015",
pages="533--548",
}

@inproceedings{DeMoura08,
 author = {De Moura, Leonardo and Bj{\o}rner, Nikolaj},
 title = {Z3: An Efficient SMT Solver},
 booktitle = {Tools and Algorithms for the Construction and Analysis of Systems ({TACAS})},
 year = {2008},
 pages = {337--340},
}


@misc{iot_security_news,
  title         = "How the Internet of Things will affect security \& privacy",
  howpublished  = {\url{http://www.businessinsider.com/internet-of-things-security-privacy-2016-8
}},
  year          = "2016"
}
